
@misc{about_synalp,
	title = {{Synalp}},
	year = {2018},
	month = {Jul},
	note = {[Online; accessed 30. Jul. 2018]},
	url = {http://synalp.loria.fr/pages/about-synalp}
}