@article{rnn_perf,
	author = {Xiong, W. and Droppo, J. and Huang, X. and Seide, F. and Seltzer, M. and Stolcke, A. and Yu, D. and Zweig, G.},
	title = {{Achieving Human Parity in Conversational Speech Recognition}},
	journaltitle = {CoRR},
	year = {2016},
	month = {10},
	language = {english},
	archivePrefix = {arXiv},
	eprint    = {1610.05256},
	url = {https://arxiv.org/abs/1610.05256},
	urldate = {2018-08-17},
	primaryClass = "cs.CL",
}

@article{JozefowiczVSSW16,
	author    = {Rafal J{\'{o}}zefowicz and
	Oriol Vinyals and
	Mike Schuster and
	Noam Shazeer and
	Yonghui Wu},
	title     = {Exploring the Limits of Language Modeling},
	journal   = {CoRR},
	language = {english},
	primaryClass = "cs.CL",
	year      = {2016},
	month = {02},
	url       = {http://arxiv.org/abs/1602.02410},
	archivePrefix = {arXiv},
	urldate = {2018-08-17},
	eprint    = {1602.02410},
}


@article{hierachical_rnn,
author = {{Huber}, P. and {Niehues}, J. and {Waibel}, A.},
title = "{A Hierarchical Approach to Neural Context-Aware Modeling}",
journaltitle = {ArXiv e-prints},
archivePrefix = {arXiv},
eprint = {1807.11582},
primaryClass = "cs.CL",
url = {https://arxiv.org/abs/1807.11582},
urldate = {2018-08-17},
year = {2018},
month = {07},
language = {english},
}

@article{pooling_simple,
	author    = {Dinghan Shen and
	Guoyin Wang and
	Wenlin Wang and
	Martin Renqiang Min and
	Qinliang Su and
	Yizhe Zhang and
	Chunyuan Li and
	Ricardo Henao and
	Lawrence Carin},
	title     = {Baseline Needs More Love: On Simple Word-Embedding-Based Models and
	Associated Pooling Mechanisms},
	journaltitle   = {CoRR},
	year      = {2018},
	month = {05},
	url       = {http://arxiv.org/abs/1805.09843},
	archivePrefix = {arXiv},
	eprint    = {1805.09843},
	urldate = {2018-08-17},
	language = {english},
	primaryClass = "cs.CL",
}

@article{Xiao2018Jan,
			author = {Xiao, Fen and Deng, Wenzheng and Peng, Liangchan and Cao, Chunhong and Hu, Kai and Gao, Xieping},
			title = {{MSDNN: Multi-Scale Deep Neural Network for Salient Object Detection}},
			journaltitle   = {CoRR},
			year      = {2018},
			year = {2018},
			month = {01},
			archivePrefix = {arXiv},
			urldate = {2018-08-17},
			language = {english},
			eprint = {1801.04187},
			url = {https://arxiv.org/abs/1801.04187},
			primaryClass = "cs.CV",
		}



@article{LearningRateOptimisation,
	author = {Pavel Surmenok},
	title = {{Estimating an Optimal Learning Rate For a Deep Neural Network}},
	journaltitle = {Towards Data Science},
	year = {2017},
	month = {11},
	urldate = {2018-08-17},
	language = {english},
	url = {https://towardsdatascience.com/estimating-optimal-learning-rate-for-a-deep-neural-network-ce32f2556ce0}
}

% Those are the sources requested for using the base code
@article{merityRegOpt,
	title={{Regularizing and Optimizing LSTM Language Models}},
	author={Merity, Stephen and Keskar, Nitish Shirish and Socher, Richard},
	journal={arXiv preprint arXiv:1708.02182},
	year={2017},
	language = {english},
}
@article{merityAnalysis,
	title={{An Analysis of Neural Language Modeling at Multiple Scales}},
	author={Merity, Stephen and Keskar, Nitish Shirish and Socher, Richard},
	journal={arXiv preprint arXiv:1803.08240},
	year={2018},
	language = {english},
}



% A tiny bit obseleete, considers RNN training as abandoned
@phdthesis{TrainingThesis,
	author       = {Ilya Sutskever}, 
	title        = {Training Recurrent Neural Networks},
	school       = {Graduate Department of Computer Science, University of Toronto},
	year         = 2013,
	urldate = {2018-05-29},
	language = {english},
	url = {https://machinelearningmastery.com/gentle-introduction-backpropagation-time}
}

@article{Bengio2008Apr,
	author = {Bengio, Y. and Senecal, J. S.},
	title = {{Adaptive Importance Sampling to Accelerate Training of a Neural Probabilistic Language Model}},
	journal = {IEEE Trans. Neural Networks},
	volume = {19},
	number = {4},
	language = {english},
	pages = {713--722},
	year = {2008},
	month = {04},
	issn = {1045-9227},
	publisher = {IEEE},
	doi = {10.1109/TNN.2007.912312}
}