@online{wiki_dl,
	title = {{Apprentissage profond}},
	url = {https://fr.wikipedia.org/wiki/Apprentissage_profond},
	organization = {{Wikip{\ifmmode\acute{e}\else\'{e}\fi}dia}},
	month = {07},
	year = {2018},
	urldate = {2018-08-10},
}

@online{wiki_ml,
	title = {{Apprentissage automatique}},
	url = {https://fr.wikipedia.org/wiki/Apprentissage_automatique},
	organization = {{Wikip{\ifmmode\acute{e}\else\'{e}\fi}dia}},
	month = {06},
	year = {2018},
	urldate = {2018-08-10},
}

@online{wiki_lm,
	title = {{Language model}},
	url = {https://en.wikipedia.org/wiki/Language_model},
	language = {english},
	organization = {{Wikip{\ifmmode\acute{e}\else\'{e}\fi}dia}},
	month = {07},
	year = {2018},
	urldate = {2018-08-10},
}

@online{wiki_md,
	title = {{Markdown}},
	url = {https://fr.wikipedia.org/wiki/Markdown},
	organization = {{Wikip{\ifmmode\acute{e}\else\'{e}\fi}dia}},
	month = {07},
	year = {2018},
	urldate = {2018-08-10},
}

@online{wiki_rnn,
	title = {{R{\ifmmode\acute{e}\else\'{e}\fi}seau de neurones r{\ifmmode\acute{e}\else\'{e}\fi}currents}},
	url = {https://fr.wikipedia.org/wiki/R%C3%A9seau_de_neurones_r%C3%A9currents},
	organization = {{Wikip{\ifmmode\acute{e}\else\'{e}\fi}dia}},
	month = {08},
	year = {2018},
	urldate = {2018-08-10},
}

@online{futura_nn,
	title = {{R{\ifmmode\acute{e}\else\'{e}\fi}seau neuronal}},
	url = {https://www.futura-sciences.com/tech/definitions/informatique-reseau-neuronal-601},
	organization = {Futura},
	month = {08},
	year = {2018},
	urldate = {2018-08-10},
}

@article{mlmastery_dataset,
	author = {Jason Brownlee},
	title = {{What is the Difference Between Test and Validation Datasets?}},
	journaltitle = {Machine Learning Mastery},
	language = {english},
	year = {2017},
	month = {07},
	urldate = {2018-08-11},
	url = {https://machinelearningmastery.com/difference-test-validation-datasets}
}

@article{diff_prog,
	author = {Joe Davison},
	title = {{{\textquotedblleft}Deep Learning est mort. Vive Differentiable Programming!{\textquotedblright}}},
	journaltitle = {techburst},
	language = {english},
	year = {2018},
	month = {06},
	urldate = {2018-08-11},
	url = {https://techburst.io/deep-learning-est-mort-vive-differentiable-programming-5060d3c55074}
}

@online{xml,
	author = {Archambeau, Tony},
	title = {{XML - D{\ifmmode\acute{e}\else\'{e}\fi}finition}},
	organization = {{Wikip{\ifmmode\acute{e}\else\'{e}\fi}dia}},
	month = {08},
	year = {2018},
	urldate = {2018-08-17},
	url = {http://glossaire.infowebmaster.fr/xml}
}

@online{enwik8,
author = {Matt Mahoney},
title = {{About the Test Data}},
language = {english},
organization = {{Wikip{\ifmmode\acute{e}\else\'{e}\fi}dia}},
month = {09},
year = {2011},
urldate = {2018-08-17},
url = {http://mattmahoney.net/dc/textdata.html}
}
@online{Hutter2018Feb,
	author = {Hutter, Marcus},
	title = {{50'000{\mbox{\texteuro}} Prize for Compressing Human Knowledge}},
	language = {english},
	year = {2018},
	month = {02},
	urldate = {2018-08-17},
	url = {http://prize.hutter1.net}
}

@misc{pep483,
	title = {{PEP 483 -- Type Hints}},
	language = {english},
	journal = {Python.org},
	year = {2018},
	month = {08},
	urldate = {2018-08-17},
	url = {https://www.python.org/dev/peps/pep-0484/#using-none}
}

@misc{pep484,
	title = {{PEP 484 -- Type Hints}},
	language = {english},
	journal = {Python.org},
	year = {2018},
	month = {08},
	urldate = {2018-08-17},
	url = {https://www.python.org/dev/peps/pep-0484/#using-none}
}