@online{TutoIbadaG5k,
	title = {{User:Ibada/Tuto Deep Learning}},
	year = {2018},
	month = {Apr},
	url = {https://www.grid5000.fr/mediawiki/index.php/User:Ibada/Tuto_Deep_Learning},
	urldate = {2018-04-25},
	language = {english},
	organization = {Grid5000},
	keywords = {g5k, tuto},
}

@online{DeepLoriaG5k,
	title = {{How to install pytorch on our GPU cluster}},
	year = {2017},
	month = {Mar},
	author = {Christophe Cerisara},
	url = {http://deeploria.gforge.inria.fr/intranet/pytorch},
	urldate = {2018-04-25},
	language = {english},
	organization = {Intranet DeepLoria},
	keywords = {g5k, tuto},
}

@online{g5k,
	title = {{Grid5000}},
	year = {2018},
	month = {Apr},
	url = {https://www.grid5000.fr/mediawiki/index.php/Grid5000:Home},
	urldate = {2018-04-25},
	language = {english},
	organization = {Grid5000},
	keywords = {g5k, orga},
}
