
@online{awd_source,
	author = {Stephen Merity},
	title = {{Smerity/awd-lstm-lm}},
	journal = {GitHub},
	language = {english},
	month = {08},
	year = {2018},
	urldate = {2018-08-12},
	url = {https://github.com/Smerity/awd-lstm-lm}
}


@online{GitExBaseNN,
	author = {Matt Mazur},
	title = {{mattm/simple-neural-network}},
	journal = {GitHub},
	language = {english},
	year = {2015},
	month = {03},
	urldate = {2018-04-23},
	url = {https://github.com/mattm/simple-neural-network}
}

@online{GistExMinCharRNN,
	title = {{Minimal character-level language model with a Vanilla Recurrent Neural Network, in Python/numpy}},
	journal = {GitHub},
	author = {Andrej Karpathy},
	language = {english},
	year = {2015},
	month = {07},
	urldate = {2018-04-23},
	url = {https://gist.github.com/karpathy/d4dee566867f8291f086}
}

@online{UnreasonableRNN,
	title = {{The Unreasonable Effectiveness of Recurrent Neural Networks}},
	author = {Andrej Karpathy},
	language = {english},
	year = {2015},
	month = {05},
	urldate = {2018-04-23},
	url = {http://karpathy.github.io/2015/05/21/rnn-effectiveness}
}

@online{TransferLearning,
	title = {{CS231n Convolutional Neural Networks for Visual Recognition}},
	author = {Andrej Karpathy},
	journal = {GitHub},
	language = {english},
	urldate = {2018-04-24},
	url = {http://cs231n.github.io/transfer-learning}
}

@online{GitExCharRNN,
	title = {{karpathy/char-rnn}},
	journal = {GitHub},
	author = {Andrej Karpathy},
	year = {2016},
	language = {english},
	month = {04},
	urldate = {2018-04-23},
	url = {https://github.com/karpathy/char-rnn}
}

@online{ConditionalRandomFields,
	title = {{Introduction to Conditional Random Fields}},
	author = {Edwin Chen},
	urldate = {2018-04-24},
	language = {english},
	url = {http://blog.echen.me/2012/01/03/introduction-to-conditional-random-fields}
}

@misc{LSTM,
	title = {{Understanding LSTM Networks}},
	author = {Christopher Olah},
	year = {2015},
	month = {08},
	urldate = {2018-04-24},
	url = {http://colah.github.io/posts/2015-08-Understanding-LSTMs}
}