
@online{about_synalp,
	title = {{About SYNALP}},
	url = {http://synalp.loria.fr/pages/about-synalp},
	language = {english},
	organization = {SYNALP},
	month = {07},
	year = {2018},
	urldate = {2018-07-30},
}

@online{about_papud,
	title = {{16037 PAPUD}},
	url = {https://itea3.org/project/papud.html},
	language = {english},
	organization = {itea3.org},
	month = {07},
	year = {2018},
	urldate = {2018-07-31},
}

@online{about_loria,
	title = {{Le Loria}},
	url = {http://www.loria.fr},
	organization = {{LORIA}},
	month = {07},
	year = {2018},
	urldate = {2018-07-31},
}

@online{org_loria,
	title = {{Organigramme 2017 du Loria}},
	url = {http://www.loria.fr/wp-content/uploads/2016/05/organigramme-2017.pdf},
	organization = {{LORIA}},
	month = {08},
	year = {2018},
	urldate = {2018-08-03},
}

@online{organisation_loria,
	title = {{Organisation}},
	url = {http://www.loria.fr/fr/presentation/organisation/},
	organization = {{LORIA}},
	month = {08},
	year = {2018},
	urldate = {2018-08-03},
}

@online{wiki_eureka,
	title = {{EUREKA}},
	organization = {{Wikip{\ifmmode\acute{e}\else\'{e}\fi}dia}},
	month = {08},
	year = {2018},
	urldate = {2018-08-01},
	url = {https://fr.wikipedia.org/wiki/EUREKA},
}

@online{bull_produits,
	title = {{Produits}},
	organization = {Atos},
	month = {08},
	year = {2018},
	urldate = {2018-08-01},
	url = {https://atos.net/fr/produits},
}

