@article{rnn_perf,
	author = {Xiong, W. and Droppo, J. and Huang, X. and Seide, F. and Seltzer, M. and Stolcke, A. and Yu, D. and Zweig, G.},
	title = {{Achieving Human Parity in Conversational Speech Recognition}},
	journaltitle = {CoRR},
	year = {2016},
	month = {10},
	language = {english},
	archivePrefix = {arXiv},
	eprint    = {1610.05256},
	url = {https://arxiv.org/abs/1610.05256},
	urldate = {2018-08-17},
	primaryClass = "cs.CL",
}

@article{JozefowiczVSSW16,
	author    = {Rafal J{\'{o}}zefowicz and
	Oriol Vinyals and
	Mike Schuster and
	Noam Shazeer and
	Yonghui Wu},
	title     = {Exploring the Limits of Language Modeling},
	journal   = {CoRR},
	language = {english},
	primaryClass = "cs.CL",
	year      = {2016},
	month = {02},
	url       = {http://arxiv.org/abs/1602.02410},
	archivePrefix = {arXiv},
	urldate = {2018-08-17},
	eprint    = {1602.02410},
}


@article{hierachical_rnn,
author = {{Huber}, P. and {Niehues}, J. and {Waibel}, A.},
title = "{A Hierarchical Approach to Neural Context-Aware Modeling}",
journaltitle = {ArXiv e-prints},
archivePrefix = {arXiv},
eprint = {1807.11582},
primaryClass = "cs.CL",
url = {https://arxiv.org/abs/1807.11582},
urldate = {2018-08-17},
year = {2018},
month = {07},
language = {english},
}

@article{pooling_simple,
	author    = {Dinghan Shen and
	Guoyin Wang and
	Wenlin Wang and
	Martin Renqiang Min and
	Qinliang Su and
	Yizhe Zhang and
	Chunyuan Li and
	Ricardo Henao and
	Lawrence Carin},
	title     = {Baseline Needs More Love: On Simple Word-Embedding-Based Models and
	Associated Pooling Mechanisms},
	journaltitle   = {CoRR},
	year      = {2018},
	month = {05},
	url       = {http://arxiv.org/abs/1805.09843},
	archivePrefix = {arXiv},
	eprint    = {1805.09843},
	urldate = {2018-08-17},
	language = {english},
	primaryClass = "cs.CL",
}

@article{Xiao2018Jan,
			author = {Xiao, Fen and Deng, Wenzheng and Peng, Liangchan and Cao, Chunhong and Hu, Kai and Gao, Xieping},
			title = {{MSDNN: Multi-Scale Deep Neural Network for Salient Object Detection}},
			journaltitle   = {CoRR},
			year      = {2018},
			year = {2018},
			month = {01},
			archivePrefix = {arXiv},
			urldate = {2018-08-17},
			language = {english},
			eprint = {1801.04187},
			url = {https://arxiv.org/abs/1801.04187},
			primaryClass = "cs.CV",
		}



@article{LearningRateOptimisation,
	author = {Pavel Surmenok},
	title = {{Estimating an Optimal Learning Rate For a Deep Neural Network}},
	journaltitle = {Towards Data Science},
	year = {2017},
	month = {11},
	urldate = {2018-08-17},
	language = {english},
	url = {https://towardsdatascience.com/estimating-optimal-learning-rate-for-a-deep-neural-network-ce32f2556ce0}
}

% Those are the sources requested for using the base code
@article{merityRegOpt,
	title={{Regularizing and Optimizing LSTM Language Models}},
	author={Merity, Stephen and Keskar, Nitish Shirish and Socher, Richard},
	journal={arXiv preprint arXiv:1708.02182},
	year={2017},
	language = {english},
}
@article{merityAnalysis,
	title={{An Analysis of Neural Language Modeling at Multiple Scales}},
	author={Merity, Stephen and Keskar, Nitish Shirish and Socher, Richard},
	journal={arXiv preprint arXiv:1803.08240},
	year={2018},
	language = {english},
}



% A tiny bit obseleete, considers RNN training as abandoned
@phdthesis{TrainingThesis,
	author       = {Ilya Sutskever}, 
	title        = {Training Recurrent Neural Networks},
	school       = {Graduate Department of Computer Science, University of Toronto},
	year         = 2013,
	urldate = {2018-05-29},
	language = {english},
	url = {https://machinelearningmastery.com/gentle-introduction-backpropagation-time}
}

@article{Bengio2008Apr,
	author = {Bengio, Y. and Senecal, J. S.},
	title = {{Adaptive Importance Sampling to Accelerate Training of a Neural Probabilistic Language Model}},
	journal = {IEEE Trans. Neural Networks},
	volume = {19},
	number = {4},
	language = {english},
	pages = {713--722},
	year = {2008},
	month = {04},
	issn = {1045-9227},
	publisher = {IEEE},
	doi = {10.1109/TNN.2007.912312}
}@online{wiki_dl,
	title = {{Apprentissage profond}},
	url = {https://fr.wikipedia.org/wiki/Apprentissage_profond},
	organization = {{Wikip{\ifmmode\acute{e}\else\'{e}\fi}dia}},
	month = {07},
	year = {2018},
	urldate = {2018-08-10},
}

@online{wiki_ml,
	title = {{Apprentissage automatique}},
	url = {https://fr.wikipedia.org/wiki/Apprentissage_automatique},
	organization = {{Wikip{\ifmmode\acute{e}\else\'{e}\fi}dia}},
	month = {06},
	year = {2018},
	urldate = {2018-08-10},
}

@online{wiki_lm,
	title = {{Language model}},
	url = {https://en.wikipedia.org/wiki/Language_model},
	language = {english},
	organization = {{Wikip{\ifmmode\acute{e}\else\'{e}\fi}dia}},
	month = {07},
	year = {2018},
	urldate = {2018-08-10},
}

@online{wiki_md,
	title = {{Markdown}},
	url = {https://fr.wikipedia.org/wiki/Markdown},
	organization = {{Wikip{\ifmmode\acute{e}\else\'{e}\fi}dia}},
	month = {07},
	year = {2018},
	urldate = {2018-08-10},
}

@online{wiki_rnn,
	title = {{R{\ifmmode\acute{e}\else\'{e}\fi}seau de neurones r{\ifmmode\acute{e}\else\'{e}\fi}currents}},
	url = {https://fr.wikipedia.org/wiki/R%C3%A9seau_de_neurones_r%C3%A9currents},
	organization = {{Wikip{\ifmmode\acute{e}\else\'{e}\fi}dia}},
	month = {08},
	year = {2018},
	urldate = {2018-08-10},
}

@online{futura_nn,
	title = {{R{\ifmmode\acute{e}\else\'{e}\fi}seau neuronal}},
	url = {https://www.futura-sciences.com/tech/definitions/informatique-reseau-neuronal-601},
	organization = {Futura},
	month = {08},
	year = {2018},
	urldate = {2018-08-10},
}

@article{mlmastery_dataset,
	author = {Jason Brownlee},
	title = {{What is the Difference Between Test and Validation Datasets?}},
	journaltitle = {Machine Learning Mastery},
	language = {english},
	year = {2017},
	month = {07},
	urldate = {2018-08-11},
	url = {https://machinelearningmastery.com/difference-test-validation-datasets}
}

@article{diff_prog,
	author = {Joe Davison},
	title = {{{\textquotedblleft}Deep Learning est mort. Vive Differentiable Programming!{\textquotedblright}}},
	journaltitle = {techburst},
	language = {english},
	year = {2018},
	month = {06},
	urldate = {2018-08-11},
	url = {https://techburst.io/deep-learning-est-mort-vive-differentiable-programming-5060d3c55074}
}

@online{xml,
	author = {Archambeau, Tony},
	title = {{XML - D{\ifmmode\acute{e}\else\'{e}\fi}finition}},
	organization = {{Wikip{\ifmmode\acute{e}\else\'{e}\fi}dia}},
	month = {08},
	year = {2018},
	urldate = {2018-08-17},
	url = {http://glossaire.infowebmaster.fr/xml}
}

@online{enwik8,
author = {Matt Mahoney},
title = {{About the Test Data}},
language = {english},
organization = {{Wikip{\ifmmode\acute{e}\else\'{e}\fi}dia}},
month = {09},
year = {2011},
urldate = {2018-08-17},
url = {http://mattmahoney.net/dc/textdata.html}
}
@online{Hutter2018Feb,
	author = {Hutter, Marcus},
	title = {{50'000{\mbox{\texteuro}} Prize for Compressing Human Knowledge}},
	language = {english},
	year = {2018},
	month = {02},
	urldate = {2018-08-17},
	url = {http://prize.hutter1.net}
}

@misc{pep483,
	title = {{PEP 483 -- Type Hints}},
	language = {english},
	journal = {Python.org},
	year = {2018},
	month = {08},
	urldate = {2018-08-17},
	url = {https://www.python.org/dev/peps/pep-0484/#using-none}
}

@misc{pep484,
	title = {{PEP 484 -- Type Hints}},
	language = {english},
	journal = {Python.org},
	year = {2018},
	month = {08},
	urldate = {2018-08-17},
	url = {https://www.python.org/dev/peps/pep-0484/#using-none}
}@online{TutoIbadaG5k,
	title = {{User:Ibada/Tuto Deep Learning}},
	year = {2018},
	month = {Apr},
	url = {https://www.grid5000.fr/mediawiki/index.php/User:Ibada/Tuto_Deep_Learning},
	urldate = {2018-04-25},
	language = {english},
	organization = {Grid5000},
	keywords = {g5k, tuto},
}

@online{DeepLoriaG5k,
	title = {{How to install pytorch on our GPU cluster}},
	year = {2017},
	month = {Mar},
	author = {Christophe Cerisara},
	url = {http://deeploria.gforge.inria.fr/intranet/pytorch},
	urldate = {2018-04-25},
	language = {english},
	organization = {Intranet DeepLoria},
	keywords = {g5k, tuto},
}

@online{g5k,
	title = {{Grid5000}},
	year = {2018},
	month = {Apr},
	url = {https://www.grid5000.fr/mediawiki/index.php/Grid5000:Home},
	urldate = {2018-04-25},
	language = {english},
	organization = {Grid5000},
	keywords = {g5k, orga},
}

@online{awd_source,
	author = {Stephen Merity},
	title = {{Smerity/awd-lstm-lm}},
	journal = {GitHub},
	language = {english},
	month = {08},
	year = {2018},
	urldate = {2018-08-12},
	url = {https://github.com/Smerity/awd-lstm-lm}
}


@online{GitExBaseNN,
	author = {Matt Mazur},
	title = {{mattm/simple-neural-network}},
	journal = {GitHub},
	language = {english},
	year = {2015},
	month = {03},
	urldate = {2018-04-23},
	url = {https://github.com/mattm/simple-neural-network}
}

@online{GistExMinCharRNN,
	title = {{Minimal character-level language model with a Vanilla Recurrent Neural Network, in Python/numpy}},
	journal = {GitHub},
	author = {Andrej Karpathy},
	language = {english},
	year = {2015},
	month = {07},
	urldate = {2018-04-23},
	url = {https://gist.github.com/karpathy/d4dee566867f8291f086}
}

@online{UnreasonableRNN,
	title = {{The Unreasonable Effectiveness of Recurrent Neural Networks}},
	author = {Andrej Karpathy},
	language = {english},
	year = {2015},
	month = {05},
	urldate = {2018-04-23},
	url = {http://karpathy.github.io/2015/05/21/rnn-effectiveness}
}

@online{TransferLearning,
	title = {{CS231n Convolutional Neural Networks for Visual Recognition}},
	author = {Andrej Karpathy},
	journal = {GitHub},
	language = {english},
	urldate = {2018-04-24},
	url = {http://cs231n.github.io/transfer-learning}
}

@online{GitExCharRNN,
	title = {{karpathy/char-rnn}},
	journal = {GitHub},
	author = {Andrej Karpathy},
	year = {2016},
	language = {english},
	month = {04},
	urldate = {2018-04-23},
	url = {https://github.com/karpathy/char-rnn}
}

@online{ConditionalRandomFields,
	title = {{Introduction to Conditional Random Fields}},
	author = {Edwin Chen},
	urldate = {2018-04-24},
	language = {english},
	url = {http://blog.echen.me/2012/01/03/introduction-to-conditional-random-fields}
}

@misc{LSTM,
	title = {{Understanding LSTM Networks}},
	author = {Christopher Olah},
	year = {2015},
	month = {08},
	urldate = {2018-04-24},
	url = {http://colah.github.io/posts/2015-08-Understanding-LSTMs}
}
@online{about_synalp,
	title = {{About SYNALP}},
	url = {http://synalp.loria.fr/pages/about-synalp},
	language = {english},
	organization = {SYNALP},
	month = {07},
	year = {2018},
	urldate = {2018-07-30},
}

@online{about_papud,
	title = {{16037 PAPUD}},
	url = {https://itea3.org/project/papud.html},
	language = {english},
	organization = {itea3.org},
	month = {07},
	year = {2018},
	urldate = {2018-07-31},
}

@online{about_loria,
	title = {{Le Loria}},
	url = {http://www.loria.fr},
	organization = {{LORIA}},
	month = {07},
	year = {2018},
	urldate = {2018-07-31},
}

@online{org_loria,
	title = {{Organigramme 2017 du Loria}},
	url = {http://www.loria.fr/wp-content/uploads/2016/05/organigramme-2017.pdf},
	organization = {{LORIA}},
	month = {08},
	year = {2018},
	urldate = {2018-08-03},
}

@online{organisation_loria,
	title = {{Organisation}},
	url = {http://www.loria.fr/fr/presentation/organisation/},
	organization = {{LORIA}},
	month = {08},
	year = {2018},
	urldate = {2018-08-03},
}

@online{wiki_eureka,
	title = {{EUREKA}},
	organization = {{Wikip{\ifmmode\acute{e}\else\'{e}\fi}dia}},
	month = {08},
	year = {2018},
	urldate = {2018-08-01},
	url = {https://fr.wikipedia.org/wiki/EUREKA},
}

@online{bull_produits,
	title = {{Produits}},
	organization = {Atos},
	month = {08},
	year = {2018},
	urldate = {2018-08-01},
	url = {https://atos.net/fr/produits},
}

@online{BPC,
	title = {{How to compute bits per character (BPC)?}},
	journaltitle = {Cross Validated},
	year = {2017},
	month = {05},
	urldate = {2018-05-15},
	language = {english},
	url = {https://stats.stackexchange.com/questions/211858/how-to-compute-bits-per-character-bpc}
}

@online{AverageSentLen,
	title = {{The Average Sentence Length}},
	journal = {Readability Monitor},
	year = {2008},
	month = {07},
	urldate = {2018-05-02},
	language = {english},
	url = {https://strainindex.wordpress.com/2008/07/28/the-average-sentence-length}
}

@online{PyTorchOptim,
	title = {{Optimizing PyTorch training code}},
	journal = {Sagivtech},
	year = {2018},
	month = {05},
	urldate = {2018-05-22},
	language = {english},
	url = {https://www.sagivtech.com/2017/09/19/optimizing-pytorch-training-code}
}

@online{BibEntry2018Mar,
	title = {{Tail Recursion Elimination}},
	year = {2018},
	month = {Mar},
	urldate = {2018-05-16},
	language = {english},
	url = {http://neopythonic.blogspot.fr/2009/04/tail-recursion-elimination.html}
}@article{bptt-intro,
	author = {Jason Brownlee},
	title = {{A Gentle Introduction to Backpropagation Through Time}},
	journaltitle = {Machine Learning Mastery},
	year = {2017},
	month = {06},
	language = {english},
	urldate = {2018-07-06},
	url = {https://machinelearningmastery.com/gentle-introduction-backpropagation-time}
}

@article{batch,
	author = {Jason Brownlee},
	title = {{A Gentle Introduction to Mini-Batch Gradient Descent and How to Configure Batch Size}},
	journaltitle = {Machine Learning Mastery},
	year = {2017},
	month = {07},
	language = {english},
	urldate = {2018-04-13},
	url = {https://machinelearningmastery.com/gentle-introduction-mini-batch-gradient-descent-configure-batch-size}
}

@@article{batch_parallel,
	author    = {Viacheslav Khomenko and
	Oleg Shyshkov and
	Olga Radyvonenko and
	Kostiantyn Bokhan},
	title     = {Accelerating recurrent neural network training using sequence bucketing
	and multi-GPU data parallelization},
	journal   = {CoRR},
	volume    = {abs/1708.05604},
	year      = {2017},
	url       = {http://arxiv.org/abs/1708.05604},
	archivePrefix = {arXiv},
	eprint    = {1708.05604},
	timestamp = {Mon, 13 Aug 2018 16:48:02 +0200},
	biburl    = {https://dblp.org/rec/bib/journals/corr/abs-1708-05604},
	bibsource = {dblp computer science bibliography, https://dblp.org}
}

@online{statsoft-nn,
	author = {Jason Brownlee},
	title = {{R{\ifmmode\acute{e}\else\'{e}\fi}seaux de Neurones}},
	organization = {Statistica},
	year = {2017},
	month = {06},
	urldate = {2018-08-11},
	url = {http://www.statsoft.fr/concepts-statistiques/reseaux-de-neurones-automatises/reseaux-de-neurones-automatises.htm}
}

@online{datamining-nn,
	title = {{Les r{\ifmmode\acute{e}\else\'{e}\fi}seaux de neurones expliqu{\ifmmode\acute{e}\else\'{e}\fi}s {\ifmmode\grave{a}\else\`{a}\fi} ma fille}},
	organization = {OD-Datamining},
	year = {2018},
	month = {08},
	urldate = {2018-08-11},
	url = {https://od-datamining.com/knwbase/les-reseaux-de-neurones-expliques-a-ma-fille}
}@online{letudiant_presentation_memoire,
	title = {{M{\ifmmode\acute{e}\else\'{e}\fi}moire, rapport de stage : les r{\ifmmode\grave{e}\else\`{e}\fi}gles de pr{\ifmmode\acute{e}\else\'{e}\fi}sentation}},
	year = {2018},
	month = {08},
	urldate = {2018-08-03},
	organization = {l'Étudiant},
	url = {https://www.letudiant.fr/jobsstages/nos-conseils/memoire-rapport-de-stage-les-regles-de-presentation.html}
}

@online{cadre_theorique,
	title = {{Cadre Th{\ifmmode\acute{e}\else\'{e}\fi}orique d'un M{\ifmmode\acute{e}\else\'{e}\fi}moire - Contenu et Exemple}},
	year = {2016},
	month = {02},
	url = {url},
	organization = {Scribbr},
	urldate = {2018-08-02},
	url = {https://www.scribbr.fr/memoire/cadre-theorique-dun-memoire}
}

@online{60MinBlitzTorch,
	title = {{Deep Learning with PyTorch: A 60 Minute Blitz}},
	organization = {PyTorch},
	author = {Soumith Chintala},
	url = {http://pytorch.org/tutorials/beginner/deep_learning_60min_blitz.html},
	language = {english},
	month = {08},
	year = {2018},
	urldate = {2018-08-12},
}

@online{ByExampleTorch,
	title = {{Learning PyTorch with Examples}},
	organization = {PyTorch},
	author = {Justin Johnson},
	language = {english},
	month = {08},
	year = {2018},
	urldate = {2018-08-12},
	url = {http://pytorch.org/tutorials/beginner/pytorch_with_examples.html}
}


@online{Classify,
	title = {{Classifying Names with a Character-Level RNN}},
	organization = {PyTorch},
	author = {Sean Robertson},
	language = {english},
	month = {08},
	year = {2018},
	urldate = {2018-08-12},
	url = {http://pytorch.org/tutorials/intermediate/char_rnn_classification_tutorial.html}
}
@online{doc_pytorch,
title = {{PyTorch 0.4 documentation}},
organization = {PyTorch},
language = {english},
month = {08},
year = {2018},
urldate = {2018-08-12},
url = {https://pytorch.org/docs/stable/index.html}
}@online{VisualDLGit,
	title = {{PaddlePaddle/VisualDL}},
	journal = {GitHub},
	organisation = {PaddlePaddle},
	language = {english},
	year = {2018},
	month = {05},
	urldate = {2018-05-09},
	url = {https://github.com/PaddlePaddle/VisualDL}
}

@online{VisualDLSite,
	title = {{VisualDL - Visualize your deep learning training and data flawlessly}},
	organisation = {PaddlePaddle},
	language = {english},
	year = {2018},
	month = {05},
	urldate = {2018-05-09},
	url = {http://visualdl.paddlepaddle.org}
}