@online{BPC,
	title = {{How to compute bits per character (BPC)?}},
	journaltitle = {Cross Validated},
	year = {2017},
	month = {05},
	urldate = {2018-05-15},
	language = {english},
	url = {https://stats.stackexchange.com/questions/211858/how-to-compute-bits-per-character-bpc}
}

@online{AverageSentLen,
	title = {{The Average Sentence Length}},
	journal = {Readability Monitor},
	year = {2008},
	month = {07},
	urldate = {2018-05-02},
	language = {english},
	url = {https://strainindex.wordpress.com/2008/07/28/the-average-sentence-length}
}

@online{PyTorchOptim,
	title = {{Optimizing PyTorch training code}},
	journal = {Sagivtech},
	year = {2018},
	month = {05},
	urldate = {2018-05-22},
	language = {english},
	url = {https://www.sagivtech.com/2017/09/19/optimizing-pytorch-training-code}
}

@online{BibEntry2018Mar,
	title = {{Tail Recursion Elimination}},
	year = {2018},
	month = {Mar},
	urldate = {2018-05-16},
	language = {english},
	url = {http://neopythonic.blogspot.fr/2009/04/tail-recursion-elimination.html}
}