@misc{GitExBaseNN,
	title = {{mattm/simple-neural-network}},
	journal = {GitHub},
	author = {mattm},
	year = {2015},
	month = {Mar},
	note = {[Online; accessed 23. Apr. 2018]},
	url = {https://github.com/mattm/simple-neural-network}
}

@misc{GistExMinCharRNN,
	title = {{Minimal character-level language model with a Vanilla Recurrent Neural Network, in Python/numpy}},
	journal = {GitHub},
	author = {karpathy},
	year = {2015},
	month = {Jul},
	note = {[Online; accessed 23. Apr. 2018]},
	url = {https://gist.github.com/karpathy/d4dee566867f8291f086}
}

@misc{GitExCharRNN,
	title = {{karpathy/char-rnn}},
	journal = {GitHub},
	author = {karpathy},
	year = {2016},
	month = {Apr},
	note = {[Online; accessed 23. Apr. 2018]},
	url = {https://github.com/karpathy/char-rnn}
}


% Those are the sources requested for using the base code
@article{merityRegOpt,
  title={{Regularizing and Optimizing LSTM Language Models}},
  author={Merity, Stephen and Keskar, Nitish Shirish and Socher, Richard},
  journal={arXiv preprint arXiv:1708.02182},
  year={2017}
}
@article{merityAnalysis,
  title={{An Analysis of Neural Language Modeling at Multiple Scales}},
  author={Merity, Stephen and Keskar, Nitish Shirish and Socher, Richard},
  journal={arXiv preprint arXiv:1803.08240},
  year={2018}
}
