@article{bptt-intro,
	author = {Jason Brownlee},
	title = {{A Gentle Introduction to Backpropagation Through Time}},
	journaltitle = {Machine Learning Mastery},
	year = {2017},
	month = {06},
	language = {en anglais},
	urldate = {2018-07-06},
	url = {https://machinelearningmastery.com/gentle-introduction-backpropagation-time}
}

@online{statsoft-nn,
	author = {Jason Brownlee},
	title = {{R{\ifmmode\acute{e}\else\'{e}\fi}seaux de Neurones}},
	organization = {Statistica},
	year = {2017},
	month = {06},
	urldate = {2018-08-11},
	url = {http://www.statsoft.fr/concepts-statistiques/reseaux-de-neurones-automatises/reseaux-de-neurones-automatises.htm}
}

@online{datamining-nn,
	title = {{Les r{\ifmmode\acute{e}\else\'{e}\fi}seaux de neurones expliqu{\ifmmode\acute{e}\else\'{e}\fi}s {\ifmmode\grave{a}\else\`{a}\fi} ma fille}},
	organization = {OD-Datamining},
	year = {2018},
	month = {08},
	urldate = {2018-08-11},
	url = {https://od-datamining.com/knwbase/les-reseaux-de-neurones-expliques-a-ma-fille}
}