@misc{AverageSentLen,
	title = {{The Average Sentence Length}},
	journal = {Readability Monitor},
	year = {2008},
	month = {Jul},
	note = {[Online; accessed 2. May 2018]},
	url = {https://strainindex.wordpress.com/2008/07/28/the-average-sentence-length}
}

@misc{PyTorchOptim,
	title = {{Optimizing PyTorch training code}},
	journal = {Sagivtech},
	year = {2018},
	month = {May},
	note = {[Online; accessed 22. May 2018]},
	url = {https://www.sagivtech.com/2017/09/19/optimizing-pytorch-training-code}
}

% Training time optimisation
@misc{TruncBPTTIntro,
	title = {{A Gentle Introduction to Backpropagation Through Time}},
	journal = {Machine Learning Mastery},
	year = {2017},
	month = {Jun},
	note = {[Online; accessed 29. May 2018]},
	url = {https://machinelearningmastery.com/gentle-introduction-backpropagation-time}
}

% A tiny bit obseleete, considers RNN training as abandoned
@phdthesis{TrainingThesis,
    author       = {Ilya Sutskever}, 
    title        = {Training Recurrent Neural Networks},
    school       = {Graduate Department of Computer Science, University of Toronto},
    year         = 2013,
    note         = {[Online; accessed 29. May 2018]}
    url = {https://machinelearningmastery.com/gentle-introduction-backpropagation-time}
}

@article{Bengio2008Apr,
	author = {Bengio, Y. and Senecal, J. S.},
	title = {{Adaptive Importance Sampling to Accelerate Training of a Neural Probabilistic Language Model}},
	journal = {IEEE Trans. Neural Networks},
	volume = {19},
	number = {4},
	pages = {713--722},
	year = {2008},
	month = {Apr},
	issn = {1045-9227},
	publisher = {IEEE},
	doi = {10.1109/TNN.2007.912312}
}