@misc{BibEntry2018Mar,
	title = {{Tail Recursion Elimination}},
	year = {2018},
	month = {Mar},
	note = {[Online; accessed 16. May 2018]},
	url = {http://neopythonic.blogspot.fr/2009/04/tail-recursion-elimination.html}
}