@online{letudiant_presentation_memoire,
	title = {{M{\ifmmode\acute{e}\else\'{e}\fi}moire, rapport de stage : les r{\ifmmode\grave{e}\else\`{e}\fi}gles de pr{\ifmmode\acute{e}\else\'{e}\fi}sentation}},
	year = {2018},
	month = {08},
	urldate = {2018-08-03},
	organization = {l'Ã‰tudiant},
	url = {https://www.letudiant.fr/jobsstages/nos-conseils/memoire-rapport-de-stage-les-regles-de-presentation.html}
}

@online{cadre_theorique,
	title = {{Cadre Th{\ifmmode\acute{e}\else\'{e}\fi}orique d'un M{\ifmmode\acute{e}\else\'{e}\fi}moire - Contenu et Exemple}},
	year = {2016},
	month = {02},
	url = {url},
	organization = {Scribbr},
	urldate = {2018-08-02},
	url = {https://www.scribbr.fr/memoire/cadre-theorique-dun-memoire}
}

