@online{60MinBlitzTorch,
	title = {{Deep Learning with PyTorch: A 60 Minute Blitz}},
	organization = {PyTorch},
	author = {Soumith Chintala},
	url = {http://pytorch.org/tutorials/beginner/deep_learning_60min_blitz.html},
	language = {english},
	month = {08},
	year = {2018},
	urldate = {2018-08-12},
}

@online{ByExampleTorch,
	title = {{Learning PyTorch with Examples}},
	organization = {PyTorch},
	author = {Justin Johnson},
	language = {english},
	month = {08},
	year = {2018},
	urldate = {2018-08-12},
	url = {http://pytorch.org/tutorials/beginner/pytorch_with_examples.html}
}


@online{Classify,
	title = {{Classifying Names with a Character-Level RNN}},
	organization = {PyTorch},
	author = {Sean Robertson},
	language = {english},
	month = {08},
	year = {2018},
	urldate = {2018-08-12},
	url = {http://pytorch.org/tutorials/intermediate/char_rnn_classification_tutorial.html}
}
@online{doc_pytorch,
title = {{PyTorch 0.4 documentation}},
organization = {PyTorch},
language = {english},
month = {08},
year = {2018},
urldate = {2018-08-12},
url = {https://pytorch.org/docs/stable/index.html}
}