@misc{VisualDLGit,
	title = {{PaddlePaddle/VisualDL}},
	journal = {GitHub},
	year = {2018},
	month = {May},
	note = {[Online; accessed 9. May 2018]},
	url = {https://github.com/PaddlePaddle/VisualDL}
}

@misc{VisualDLSite,
	title = {{VisualDL - Visualize your deep learning training and data flawlessly}},
	year = {2018},
	month = {May},
	note = {[Online; accessed 9. May 2018]},
	url = {http://visualdl.paddlepaddle.org}
}