@misc{UnreasonableRNN,
	title = {{The Unreasonable Effectiveness of Recurrent Neural Networks}},
	author = {Andrej Kaparthy},
	year = {2015},
	month = {May},
	note = {[Online; accessed 23. Apr. 2018]},
	url = {http://karpathy.github.io/2015/05/21/rnn-effectiveness}
}

@misc{IntroMiniBatch,
	title = {{A Gentle Introduction to Mini-Batch Gradient Descent and How to Configure Batch Size}},
	journal = {Machine Learning Mastery},
	author = {Jason Brownlee},
	year = {2017},
	month = {Jul},
	note = {[Online; accessed 23. Apr. 2018]},
	url = {https://machinelearningmastery.com/gentle-introduction-mini-batch-gradient-descent-configure-batch-size}
}

@misc{TransferLearning,
	title = {{CS231n Convolutional Neural Networks for Visual Recognition}},
	author = {karpathy},
	note = {[Online; accessed 24. Apr. 2018]},
	url = {http://cs231n.github.io/transfer-learning}
}

@misc{ConditionalRandomFields,
	title = {{Introduction to Conditional Random Fields}},
	author = {Edwin Chen},
	note = {[Online; accessed 24. Apr. 2018]},
	url = {http://blog.echen.me/2012/01/03/introduction-to-conditional-random-fields}
}

@misc{LSTM,
	title = {{Understanding LSTM Networks}},
	author = {colah},
	year = {2015},
	month = {Aug},
	note = {[Online; accessed 24. Apr. 2018]},
	url = {http://colah.github.io/posts/2015-08-Understanding-LSTMs}
}

@article{LearningRateOptimisation,
	author = {Pavel Surmenok},
	title = {{Estimating an Optimal Learning Rate For a Deep Neural Network}},
	journal = {Towards Data Science},
	year = {2017},
	month = {Nov},
	publisher = {Towards Data Science},
	url = {https://towardsdatascience.com/estimating-optimal-learning-rate-for-a-deep-neural-network-ce32f2556ce0}
}

@article{DBLP:journals/corr/JozefowiczVSSW16,
    author    = {Rafal J{\'{o}}zefowicz and
                 Oriol Vinyals and
                 Mike Schuster and
                 Noam Shazeer and
                 Yonghui Wu},
    title     = {Exploring the Limits of Language Modeling},
    journal   = {CoRR},
    volume    = {abs/1602.02410},
    year      = {2016},
    url       = {http://arxiv.org/abs/1602.02410},
    archivePrefix = {arXiv},
    eprint    = {1602.02410},
    timestamp = {Wed, 07 Jun 2017 14:42:03 +0200},
    biburl    = {https://dblp.org/rec/bib/journals/corr/JozefowiczVSSW16},
    bibsource = {dblp computer science bibliography, https://dblp.org}
}

@misc{BPC,
	title = {{How to compute bits per character (BPC)?}},
	journal = {Cross Validated},
	year = {2017},
	month = {May},
	note = {[Online; accessed 15. May 2018]},
	url = {https://stats.stackexchange.com/questions/211858/how-to-compute-bits-per-character-bpc}
}