@misc{PyTorch,
	title = {{PyTorch}},
	author = {PyTorch},
	year = {2018},
	month = {Apr},
	note = {[Online; accessed 23. Apr. 2018]},
	url = {http://pytorch.org}
}

@misc{Grid5000,
	title = {{Grid5000}},
	year = {2018},
	month = {Apr},
	note = {[Online; accessed 23. Apr. 2018]},
	url = {https://www.grid5000.fr/mediawiki/index.php/Grid5000:Home}
}