@misc{60MinBlitzTorch,
	title = {{Deep Learning with PyTorch: A 60 Minute Blitz}},
	journal = {PyTorch},
	author = {Soumith Chintala},
	note = {[Online; accessed 24. Apr. 2018]},
	url = {http://pytorch.org/tutorials/beginner/deep_learning_60min_blitz.html}
}

@misc{ByExampleTorch,
	title = {{Learning PyTorch with Examples}},
	journal = {PyTorch},
	author = {Justin Johnson},
	note = {[Online; accessed 24. Apr. 2018]},
	url = {http://pytorch.org/tutorials/beginner/pytorch_with_examples.html}
}

@misc{ParallelismTorch,
	title = {{Multi-GPU examples}},
	journal = {PyTorch},
	author = {Soumith Chintala},
	note = {[Online; accessed 24. Apr. 2018]},
	url = {http://pytorch.org/tutorials/beginner/former_torchies/parallelism_tutorial.html}
}

@misc{TransferLearningTorch,
	title = {{Multi-GPU examples}},
	journal = {PyTorch},
	author = {Sasank Chilamkurthy},
	note = {[Online; accessed 24. Apr. 2018]},
	url = {http://pytorch.org/tutorials/beginner/former_torchies/parallelism_tutorial.html}
}

@misc{TransferLearningTorch,
	title = {{Classifying Names with a Character-Level RNN}},
	journal = {PyTorch},
	author = {Sean Robertson},
	note = {[Online; accessed 24. Apr. 2018]},
	url = {http://pytorch.org/tutorials/intermediate/char_rnn_classification_tutorial.html}
}